@book{geron,
 author = {G\'{e}ron, Aur\'{e}lien},
 title = {Hands-On Machine Learning with Scikit-Learn and TensorFlow: Concepts, Tools, and Techniques to Build Intelligent Systems},
 year = {2017},
 isbn = {1491962291, 9781491962299},
 edition = {1st},
 publisher = {O'Reilly Media, Inc.},
}

@article{paper,
author = {Candanedo Ibarra, Luis and Feldheim, Veronique and Deramaix, Dominique},
year = {2017},
month = {01},
title = {Data driven prediction models of energy use of appliances in a low-energy house},
volume = {140},
booktitle = {Energy and Buildings}
}

@misc{cyclic,
author = {Ian London},
year = {2016},
title = {Encoding cyclical continuous features - 24-hour time},
url = {https://ianlondon.github.io/blog/encoding-cyclical-features-24hour-time/}
}

@article{colinear,
author = { Carl F. Mela, Praveen K. Kopalle },
title = {The impact of collinearity on regression analysis: the asymmetric effect of negative and positive correlations},
journal = {Applied Economics},
volume = {34},
number = {6},
pages = {667-677},
year  = {2002},
publisher = {Routledge},
doi = {10.1080/00036840110058482},
URL = {https://doi.org/10.1080/00036840110058482},
}

@misc{residual,
author = {Shantanu Deo},
year = {2016},
title = {R Tutorial: Residual Analysis for Regression},
url = {http://analyticspro.org/2016/03/05/r-tutorial-residual-analysis-for-regression/}
}